<?xml version="1.0" encoding="UTF-8" ?>
<collection xmlns:xsi="http://www.w3.org/2001/XMLSchema-instance" xsi:schemaLocation="http://www.loc.gov/MARC21/slim http://www.loc.gov/standards/marcxml/schema/MARC21slim.xsd" xmlns="http://www.loc.gov/MARC21/slim">
   <record>
      <leader>     cam a22     4a 4500</leader>
      <controlfield tag="001">6263089</controlfield>
      <controlfield tag="003">NIC</controlfield>
      <controlfield tag="005">20130331144835.0</controlfield>
      <controlfield tag="008">071126s1939    ua            000 0 ara d</controlfield>
      <datafield tag="029" ind1="0" ind2=" ">
         <subfield code="a">LEILA</subfield>
         <subfield code="b">24559</subfield>
      </datafield>
      <datafield tag="035" ind1=" " ind2=" ">
         <subfield code="a">(OCoLC)182765507</subfield>
      </datafield>
      <datafield tag="035" ind1=" " ind2=" ">
         <subfield code="a">6263089</subfield>
      </datafield>
      <datafield tag="040" ind1=" " ind2=" ">
         <subfield code="a">LEILA</subfield>
         <subfield code="c">LEILA</subfield>
         <subfield code="d">NDD</subfield>
      </datafield>
      <datafield tag="049" ind1=" " ind2=" ">
         <subfield code="a">COOO</subfield>
      </datafield>
      <datafield tag="050" ind1=" " ind2="4">
         <subfield code="a">BP130.86</subfield>
         <subfield code="b">.D37 1939</subfield>
      </datafield>
      <datafield tag="066" ind1=" " ind2=" ">
         <subfield code="c">(3</subfield>
      </datafield>
      <datafield tag="100" ind1="1" ind2=" ">
         <subfield code="6">880-01</subfield>
         <subfield code="a">Dardīrī, Yaḥyá Aḥmad.</subfield>
      </datafield>
      <datafield tag="245" ind1="1" ind2="0">
         <subfield code="6">880-02</subfield>
         <subfield code="a">Kayfa nuʻallimu al-Qurʼān li-abnāʼ al-Muslimīn /</subfield>
         <subfield code="c">bi-qalam Yaḥyá Aḥmad al-Dardīrī.</subfield>
      </datafield>
      <datafield tag="250" ind1=" " ind2=" ">
         <subfield code="6">880-03</subfield>
         <subfield code="a">al-Ṭabʻah 2.</subfield>
      </datafield>
      <datafield tag="260" ind1=" " ind2=" ">
         <subfield code="6">880-04</subfield>
         <subfield code="a">al-Qāhirah :</subfield>
         <subfield code="b">al-Maṭbaʻah al-Salafīyah,</subfield>
         <subfield code="c">1939.</subfield>
      </datafield>
      <datafield tag="300" ind1=" " ind2=" ">
         <subfield code="a">31 p. ;</subfield>
         <subfield code="c">20 cm.</subfield>
      </datafield>
      <datafield tag="630" ind1="0" ind2="0">
         <subfield code="a">Qurʼan</subfield>
         <subfield code="x">Study and teaching.</subfield>
      </datafield>
      <datafield tag="880" ind1="1" ind2=" ">
         <subfield code="6">100-01/(3/r</subfield>
         <subfield code="a">درديري، يحيى أحمد.</subfield>
      </datafield>
      <datafield tag="880" ind1="1" ind2="0">
         <subfield code="6">245-02/(3/r</subfield>
         <subfield code="a">كيف نعلم القرآن لأبناء المسلمين /</subfield>
         <subfield code="c">بقلم يحيى أحمد الدرديري.</subfield>
      </datafield>
      <datafield tag="880" ind1=" " ind2=" ">
         <subfield code="6">250-03/(3/r</subfield>
         <subfield code="a">الطبعة 2.</subfield>
      </datafield>
      <datafield tag="880" ind1=" " ind2=" ">
         <subfield code="6">260-04/(3/r</subfield>
         <subfield code="a">القاهرة :</subfield>
         <subfield code="b">المطبعة السلفية،</subfield>
         <subfield code="c">1939.</subfield>
      </datafield>
      <datafield tag="948" ind1="0" ind2=" ">
         <subfield code="a">20080417</subfield>
         <subfield code="b">i</subfield>
         <subfield code="d">hne2</subfield>
         <subfield code="e">lts</subfield>
         <subfield code="h">appr</subfield>
      </datafield>
      <datafield tag="948" ind1="1" ind2=" ">
         <subfield code="a">20080421</subfield>
         <subfield code="b">z</subfield>
         <subfield code="d">ah16</subfield>
         <subfield code="e">cts</subfield>
      </datafield>
      <datafield tag="948" ind1="2" ind2=" ">
         <subfield code="a">20100913</subfield>
         <subfield code="b">m</subfield>
         <subfield code="d">batch</subfield>
         <subfield code="e">lts</subfield>
         <subfield code="x">del9XXtxt</subfield>
      </datafield>
      <datafield tag="948" ind1="3" ind2=" ">
         <subfield code="a">20101210</subfield>
         <subfield code="h">batchmatch</subfield>
         <subfield code="i">D101210.FILEA3.mrc</subfield>
      </datafield>
      <datafield tag="988" ind1=" " ind2=" ">
         <subfield code="a">Batchmatch</subfield>
      </datafield>
      <datafield tag="994" ind1=" " ind2=" ">
         <subfield code="a">90</subfield>
         <subfield code="b">COO</subfield>
      </datafield>
      <datafield tag="903" ind1=" " ind2=" ">
         <subfield code="a">NYUACO</subfield>
         <subfield code="d">20140514</subfield>
         <subfield code="p">31924108544697</subfield>
      </datafield>
      <datafield tag="950" ind1=" " ind2=" ">
         <subfield code="a">BP130.8</subfield>
         <subfield code="b">.D37 1939</subfield>
         <subfield code="v"> </subfield>
      </datafield>
   </record>
</collection>
